% This file was created with JabRef 2.5.
% Encoding: UTF-8
% See the "IEEEtran_bst_HOWTO.pdf" manual for usage information.

% mais acorde um DFT-PCP
@article{harte2009automatic,
  title={Automatic chord recognition using quantised chroma and harmonic change segmentation},
  author={Harte, Christopher and Sandler, Mark},
  journal={MIREX Annual Music Information Rerieval eX-change. Available at http://www. music-ir. org/mirex/abstracts/2009/harte$\backslash$ \_mirex09. pdf},
  year={2009},
  publisher={Citeseer}
}

% mais acrode uma DFT-PCP
@inproceedings{khadkevich2011time,
  title={Time-frequency reassigned features for automatic chord recognition},
  author={Khadkevich, Maksim and Omologo, Maurizio},
  booktitle={Acoustics, Speech and Signal Processing (ICASSP), 2011 IEEE International Conference on},
  pages={181--184},
  year={2011},
  organization={IEEE}
}

% aqui ele acrode fala DFT para a construcao de PCP e limitacoes  
@phdthesis{harte2010towards,
  title={Towards automatic extraction of harmony information from music signals},
  author={Harte, Christopher},
  year={2010},
  school={Department of Electronic Engineering, Queen Mary, University of London}
}

% mais um trabalho de transcricao automatica de acordes usando o PCP-DFT.
@inproceedings{peeters2006chroma,
  title={Chroma-based estimation of musical key from audio-signal analysis.},
  author={Peeters, Geoffroy},
  booktitle={ISMIR},
  pages={115--120},
  year={2006}
}

% mais um trabalho de transcricao automatica de acordes usando o PCP-DFT. Aqui ele relata problemas na acuracia da DFT
@inproceedings{cho2010exploring,
  title={Exploring common variations in state of the art chord recognition systems},
  author={Cho},
  booktitle={Proceedings of the Sound and Music Computing Conference (SMC)},
  pages={1--8},
  year={2010},
  organization={Citeseer}
}

% o famoso trabalho de fujishima que postulou o PCP atraves da DFT. Nosso trabalho ira propor a substituição do PCP via DFT para CCM.
@inproceedings{fujishima1999realtime,
  title={Realtime chord recognition of musical sound: A system using common lisp music},
  author={Fujishima, Takuya},
  booktitle={Proc. ICMC},
  volume={1999},
  pages={464--467},
  year={1999}
}

% mais um trabalho que usa os PCP (pitch class profile) para a transcricao de acordes usando a SFTT
é Bom citar tambem o fujishima
@inproceedings{lee2006automatic,
  title={Automatic chord recognition from audio using enhanced pitch class profile},
  author={Lee, Kyogu},
  booktitle={Proc. of the International Computer Music Conference},
  year={2006}
}

% ESTADO DA ARTE DE TRANSCRIÇÃO AUTOMÁTICA DE ACORDES
@inproceedings{de2012improving,
  title={Improving Audio Chord Transcription by Exploiting Harmonic and Metric Knowledge.},
  author={de Haas, Bas and Magalh{\~a}es, Jos{\'e} Pedro and Wiering, Frans},
  booktitle={ISMIR},
  pages={295--300},
  year={2012},
  organization={Citeseer}
}

% mais um trabalho sobre reconhecimento de acordes usando o PCP via SFFT
@inproceedings{boulanger2013audio,
  title={Audio Chord Recognition with Recurrent Neural Networks.http://ismir.net/},
  author={Boulanger},
  booktitle={ISMIR},
  pages={335--340},
  year={2013}
}

% outro trabalho que usa chroma feature de 60 posicoes via SFFT para transcricao automatica de acordes
@inproceedings{chen2012chord,
  title={Chord Recognition Using Duration-explicit Hidden Markov Models.},
  author={Chen},
  booktitle={ISMIR},
  pages={445--450},
  year={2012},
  organization={Citeseer}
}

@article{gqm,
      title={The goal question metric approach},
        author={Caldiera, VRBG and Rombach, H Dieter},
          journal={Encyclopedia of software engineering},
            volume={2},
              number={1994},
                pages={528--532},
                  year={1994}
}

@techreport{pdca,
      title={Economic Control of Quality of Manufactured Product/50th Anniversary Commemorative Issue. Millwauki: American Society for Quality, 1980},
        author={Shewhart, WA},
          institution={ISBN 0-87389-076},
          year = {1980}
      
}

@article{empirical,
      title={Empirical studies of agile software development: A systematic review},
        author={Dyb{\aa}, Tore and Dings{\o}yr, Torgeir},
          journal={Information and software technology},
            volume={50},
              number={9},
                pages={833--859},
                  year={2008},
                    publisher={Elsevier}
}

@article{rup,
      title={Software product-line engineering: a family-based software development process},
        author={Weiss, David M and others},
          year={1999},
            publisher={Addison-Wesley Professional; Har/Cdr edition}
}

@article{csikszentmihalyi,
  title={Flow and the Psychology of Discovery and Invention},
  author={Csikszentmihalyi, Mihaly},
  journal={HarperPerennial, New York},
  year={1997}
}

@MISC{correlacao,
title={IUPAC},
year={2014},
url = {http://old.iupac.org/}
}

@MISC{teclado,
title={Dozol},
year={2014},
url = {http://www.adrianodozol.blogspot.com.br}
}


@MISC{neuron-arq,
title={Jürgen},
author={Jürgen},
year={2014},
url = {http://www.wi.hs-wismar.de/~cleve/}
}

@MISC{notasfreq,
title={LabGaragem},
year={2014},
url = {http://labdegaragem.com/profiles/blogs/hino-de-times-de-futebol-de-sao-paulo-tocados-pelo-arduino}
}

@MISC{metodo,
title={Espa{\c{c}}o Cient{\'i}fico e Cultural},
author={Mesquita Filho, Alberto},
year={2014},
url = {http://www.ecientificocultural.com/ECC2/figuras/figura01.gif}
}

@article{jantsh,
  title={Transdisciplinaridade e sa{\'u}de coletiva},
  author={de Almeida Filho, Naomar},
  journal={Ci{\^e}ncia e sa{\'u}de coletiva},
  volume={11},
  number={1/2},
  year={1997}
}

@book{PO,
  title={Agile project management with Scrum},
  author={Schwaber, Ken},
  volume={7},
  year={2004},
  publisher={Microsoft press Redmond}
}

@book{gardner,
  title={Creating minds: An anatomy of creativity seen through the lives of Freud, Einstein, Picasso, Stravinsky, Eliot, Graham, and Gandhi},
  author={Gardner, Howard},
  year={2011},
  publisher={Basic Books}
}

@incollection{agile,
  title={Towards an understanding of the conceptual underpinnings of agile development methodologies},
  author={Nerur},
  booktitle={Agile Software Development},
  pages={15--29},
  year={2010},
  publisher={Springer}
}

@book{criatividade,
  title={Criatividade em uma Perspectiva Transdisciplinar},
  author={Olzeni Costa Ribeiro, Maria Cândida Moraes},
  year={2014},
  publisher={Liber Livro}
}

@book{haykin2009neural,
  title={Neural networks and learning machines},
  author={Simon S and Haykin},
  volume={3},
  year={2009},
  publisher={Pearson Education Upper Saddle River}
}

@book{morin,
  title={Introdu{\c{c}}{\~a}o ao pensamento complexo},
  author={Morin, Edgar and Matos, Dulce},
  year={2007},
  publisher={Sulina Porto Alegre}
}

@article{Nyquist,
  title={Sampling-50 years after Shannon},
  author={Unser, Michael},
  journal={Proceedings of the IEEE},
  volume={88},
  number={4},
  pages={569--587},
  year={2000},
  publisher={IEEE}
}

@misc{amostragem,
  title={Coder for incorporating an auxiliary information signal in a digital audio signal, decoder for recovering such signals from the combined signal, and record carrier having such combined signal recorded thereon},
  author={Druyvesteyn},
  year={1992},
  month=nov # "~3",
  publisher={Google Patents},
  note={US Patent 5,161,210}
}

@book{oppenheim,
  title={Signals and systems},
  author={Oppenheim, Alan V and Willsky, Alan S and Nawab, Syed Hamid},
  volume={2},
  year={1983},
  publisher={Prentice-Hall Englewood Cliffs, NJ}
}

@book{wolfflin2000conceitos,
  title={Conceitos fundamentais da hist{\'o}ria da arte: o problema da evolu{\c{c}}{\~a}o dos estilos na arte mais recente},
  author={W{\"o}lfflin, Heinrich and J{\'u}nior, Jo{\~a}o Azenha},
  year={2000},
  publisher={Martins Fontes}
}

@article{portela2008caracterizaccao,
  title={Caracteriza{\c{c}}{\~a}o de fontes sonoras e aplica{\c{c}}{\~a}o na auraliza{\c{c}}{\~a}o de ambientes},
  author={Marcelo Santos},
  year={2008},
  publisher={Florian{\'o}polis, SC}
}

@article{med1996teoria,
  title={Teoria da M{\'u}sica. 4{\textordfeminine} edi{\c{c}}{\~a}o revista e ampliada},
  author={Med, Bohumil},
  journal={Bras{\'\i}lia-DF, Musimed},
  year={1996}
}

@article{picchords,
  title={PIC detector for piano chords},
  author={Barbancho, Isabel},
  journal={EURASIP Journal on Advances in Signal Processing},
  volume={2010},
  pages={6},
  year={2010},
  publisher={Hindawi Publishing Corp.}
}

@article{automaticmusic,
  title={Automatic music transcription as we know it today},
  author={Klapuri, Anssi P},
  journal={Journal of New Music Research},
  volume={33},
  number={3},
  pages={269--282},
  year={2004},
  publisher={Taylor \& Francis}
}

@book{jazzistas,
  title={Saying something: Jazz improvisation and interaction},
  author={Monson, Ingrid},
  year={2009},
  publisher={University of Chicago Press}
}

@online{afinador,
author = {cohortor.org},
title = {Tuner-gStrings Free},
month = oct,
year = {2014},
url = {https://play.google.com/store/apps/details?id=org.cohortor.gstrings}
}

@online{autotune2,
author = {Antares},
title = {Auto-Tune 7},
month = oct,
year = {2014},
url = {http://www.antarestech.com/products/detail.php?product=Auto-Tune_7_1}
}

@book{makingmusictechnology,
  title={Any Sound You Can Make: Making Music/Consuming Technology},
  author={Th{\'e}berge, Paul},
  year={1997},
  publisher={University Press of New England}
}

@book{dodge1997computer,
  title={Computer music: synthesis, composition and performance},
  author={Dodge, Charles and Jerse, Thomas A},
  year={1997},
  publisher={Macmillan Library Reference}
}

@article{autotune,
  title={Auto-Tune: Why pop music sounds perfect},
  author={Tyrangiel, Josh},
  journal={Time Magazine},
  pages={1877372--3},
  year={2009}
}

@manual{inmetro2003,
  Author = {INMETRO},
  Title = {Vocabulário internacional de termos fundamentais e gerais de
  metrologia},
  Year = {2013},
  Address = {Rio de Janeiro, Brasil},
  Pages = {75},
  isbn = {85-87090-90-9},
}

@inproceedings{soviero1997,
  Author = {P. A. O. Soviero and L. G. M. Lavagna},
  Title = {A Numerical Model for Thin Airfoils in Unsteady Motion},
  Year = {1997},
  Pages = {332-340},
  Volume = {19},
  Number = {3},
  Booktitle = {Journal of the Brazilian Societyt Mechanical Sciences},
}

@inproceedings{sparrow1980,
  Author = {E. M. Sparrow},
  Title = {Forced Convection Heat Transfer in a Duct Having Spanwise-Periodic
  Rectangular Protuberances},
  Year = {1980},
  Pages = {149-167},
  Volume = {3},
  Booktitle = {Numerical Heat Transfer},
}

@article{clark1986,
  Author = {J. A. Clark},
  Title = {Private Communication},
  Year = {1986},
  Address = {University of Michigan},
}

@article{arruda2007,
  Author = {M. B. B. Arruda},
  Title = {Como fazer referências: bibliográficas, eletrônicas e demais
  formas de documentos},
  Year = {2007},
  Url = {http://bu.ufsc.br/framerefer.html}
}

@article{coimbra1978,
  Author = {A. L. Coimbra},
  Title = {Lessons of Continuum Mechanics},
  Year = {1978},
  Address = {São Paulo, Brazil},
  Pages = {428},
  Editor = {Edgard Blücher},
}

@inproceedings{bordalo1989,
  Author = {S. N. Bordalo and J. H. Ferziger and S. J. Kline},
  Title = {The Development of Zonal Models for Turbulence},
  Year = {1989},
  Pages = {41-44},
  Booktitle = {Proceedings of the 10th Brazilian Congress of Mechanical
  Engineering},
  Volume = {1},
}

@manual{NBR14724:2011,
  Address = {Rio de Janeiro},
  Date-Added = {2012-12-15 20:34:08 +0000},
  Date-Modified = {2012-12-15 20:35:25 +0000},
  Month = mar,
  Org-Short = {ABNT},
  Organization = {Associa{\c c}\~ao Brasileira de Normas T\'ecnicas},
  Pages = 15,
  Subtitle = {Informa{\c c}\~ao e documenta{\c c}\~ao --- trabalhos acad\^emicos --- apresenta{\c c}\~ao},
  Title = {{NBR} 14724},
  Year = 2011
}

@manual{NBR6034:2000,
  Address = {Rio de Janeiro},
  Org-Short = {ABNT},
  Organization = {Associa{\c c}\~ao Brasileira de Normas T\'ecnicas},
  Subtitle = {Informa{\c c}\~ao e documenta{\c c}\~ao --- Referências},
  Title = {{NBR} 14724},
  Year = 2000
}

@book{sale2014testing,
  title={Testing Python: Applying Unit Testing, TDD, BDD and Acceptance Testing},
  author={Sale, David},
  year={2014},
  publisher={John Wiley \& Sons}
}

@inproceedings{bdd_validacao,
  title={Automated validation of software models},
  author={Sims, Scott},
  booktitle={Automated Software Engineering, 2001.(ASE 2001). Proceedings. 16th Annual International Conference on},
  pages={91--96},
  year={2001},
  organization={IEEE}
}

@www{3_bellware_2008,
     author={Bellware, Scott},
     title={Behavior-Driven Development},
     urlaccessdate = "\today",
     url={http://www.codemag.com/article/0805061},
     journal={Codemag.com},
     year={2008},
    }

@www{2_bottke_2014,
     author={Bottke, Lars},
     title={Agile Business Analysis with Behavior-Driven Development},
     urlaccessdate = "\today",
     url={http://www.agilerecord.com/agile-business-analysis-behavior-driven-development-bdd-invest-smart/},
     journal={Agile Record},
     year={2014},
    }

@www{1_davies_2012,
 author={Davies, Rachel},
title={BDD in a Nutshell - Agile Coaching},
urlaccessdate = "\today",
 url={http://agilecoach.typepad.com/agile-coaching/2012/03/bdd-in-a-nutshell.html},
 journal={Agilecoach.typepad.com},
 year={2012}}

@www{4_hellesoy_2014,
 author={Hellesøy, Aslak},
title={The world's most misunderstood collaboration tool·Cucumber},
urlaccessdate = "\today",
 url={https://cukes.info/blog/2014/03/03/the-worlds-most-misunderstood-collaboration-tool},
 journal={Cukes.info},
 year={2014}}

@www{6_north_2006,
author={North, Dan},
 title={Introducing BDD},
urlaccessdate = "\today",
 url={http://dannorth.net/introducing-bdd/},
 journal={Dan North & Associates},
 year={2006}}

@www{7_north_2007,
 author={North, Dan},
title={What's in a Story?},
 url={http://dannorth.net/whats-in-a-story/},
urlaccessdate = "\today",
 journal={Dan North & Associates},
 year={2007}}

@www{5_rice_jones_engel_2012,
 author={Rice, Benno and Jones, Richard and Engel, Jens},
 title={Welcome to behave!},
urlaccessdate = "\today",
 url={http://pythonhosted.org/behave/},
 journal={Pythonhosted.org},
 year={2012}}

@article{8_solis_wang_2011,
    author={Solis, Carlos and Wang, Xiaofeng},
    title={A Study of the Characteristics of Behaviour Driven Development},
    DOI={10.1109/seaa.2011.76},
    journal={2011 37th EUROMICRO Conference on Software Engineering and Advanced Applications},
    year={2011}}

@www{9_dados_2011,
     author={Dados Abertos, Lei},
     title={Lei de Acesso a Informação Pública (12.527/2011)},
     urlaccessdate = "\today",
     url={http://www.presidencia.gov.br/ccivil_03/_Ato2011-2014/2011/Lei/L12527.htm},
     journal={Presidência da República},
     year={2011},
    }
